@MISC {LeyFirmaDigitalCapUno,
    author  = "Senado y Cámara de Diputados de la Nación Argentina",
    title   = "Ley 25506: Firma Digital",
    month   = "12",
    year    = "2001"
}
@INBOOK {StallingsPKI,
    author    = "Williams Stallings",
    title     = "Cryptography and Network Security",
    chapter   = "14.5 - \emph{Publica-Key Infrastructure}",
    publisher = "Pearson",
    year      = "2017",
    edition   = "septima edición",
}
@ONLINE {FirenetPKIChainOfTrust,
    author = "PacketPimp3",
    title  = "PKI - Chain of Trust",
    month  = "3",
    year   = "2012",
    url    = "https://www.fir3net.com/Security/Concepts-and-Terminology/pki-chain-of-trust.html"
}
@MISC {BlockchainBasedPKIFramework,
    author = "Alexander Yakubov; Wazen M. Shbair; Anders Wallbom; David Sanda; Radu State",
    title  = "A Blockchain-Based PKI Management Framework",
}
@MISC {IKP,
    author = "Stephanos Matsumoto; Raphael M. Reischuk",
    title  = "IKP: Turning a PKI Around with Blockchains"
}
@ONLINE {SmartContracts,
    author = "Vitalik Buterin",
    title = "A Next-Generation Smart Contract and Decentralized Application Platform",
    year = "2014",
    url = "https://github.com/ethereum/wiki/wiki/White-Paper",
}
@ONLINE {SmartContractsUseCases,
    author = "Gideon Greenspan",
    title  = "Why Many Smart Contract Use Cases Are Simply Impossible",
    month  = "apr",
    year   = "2016",
    url    = "https://www.coindesk.com/three-smart-contract-misconceptions"
}
@ARTICLE {PKICAErrors,
    author  = "H. Anada; J. Kawamoto; J. Weng; K. Sakurai",
    title   = "Identity-embedding method for decentralized public-key infrastructure",
    journal = "International Conference on Trusted Systems",
    year    = "2014",
    pages   = "1-14",
}
@ONLINE {CointelegraphBitcoin,
    author = "Cointelegraph",
    title  = "¿Qué es criptomoneda? Guía para principiantes",
    url    = "https://es.cointelegraph.com/bitcoin-for-beginners/what-are-cryptocurrencies#futuro-de-las-criptomonedas"
}
@INBOOK {MasteringBlockchainBitcoin,
    author    = "Imran Bashir",
    title     = "Mastering Blockchain",
    chapter   = "4 - \emph{Bitcoin}",
    publisher = "Packt Publishing",
    year      = "2017",
    edition   = "primer edición",
    month     = "3"
}
@INBOOK {MasteringBlockchainTransactions,
    author    = "Imran Bashir",
    title     = "Mastering Blockchain",
    chapter   = "4 - \emph{Bitcoin} - \emph{Transactions}",
    publisher = "Packt Publishing",
    year      = "2017",
    edition   = "primer edición",
    month     = "3"
}
@INBOOK {MasteringBlockchainTransactionsLifeCycle,
    author    = "Imran Bashir",
    title     = "Mastering Blockchain",
    chapter   = "4 - \emph{Bitcoin} - \emph{The transaction life cycle}",
    publisher = "Packt Publishing",
    year      = "2017",
    edition   = "primer edición",
    month     = "3"
}
@INBOOK {MasteringBlockchainScript,
    author    = "Imran Bashir",
    title     = "Mastering Blockchain",
    chapter   = "4 - \emph{Bitcoin} - \emph{The script language}",
    publisher = "Packt Publishing",
    year      = "2017",
    edition   = "primer edición",
    month     = "3"
}
@INBOOK {MasteringBlockchainVerification,
    author    = "Imran Bashir",
    title     = "Mastering Blockchain",
    chapter   = "4 - \emph{Bitcoin} - \emph{Transaction verification}",
    publisher = "Packt Publishing",
    year      = "2017",
    edition   = "primer edición",
    month     = "3"
}
@INBOOK {MasteringBlockchainBlockchain,
    author    = "Imran Bashir",
    title     = "Mastering Blockchain",
    chapter   = "4 - \emph{Bitcoin} - \emph{Blockchain}",
    publisher = "Packt Publishing",
    year      = "2017",
    edition   = "primer edición",
    month     = "3"
}
@INBOOK {MasteringBlockchainBlockStructure,
    author    = "Imran Bashir",
    title     = "Mastering Blockchain",
    chapter   = "4 - \emph{Bitcoin} - \emph{The structure of a block}",
    publisher = "Packt Publishing",
    year      = "2017",
    edition   = "primer edición",
    month     = "3"
}
@INBOOK {MasteringBlockchainBlockHeaderStructure,
    author    = "Imran Bashir",
    title     = "Mastering Blockchain",
    chapter   = "4 - \emph{Bitcoin} - \emph{The structure of a block header}",
    publisher = "Packt Publishing",
    year      = "2017",
    edition   = "primer edición",
    month     = "3"
}
@INBOOK {MasteringBlockchainMining,
    author    = "Imran Bashir",
    title     = "Mastering Blockchain",
    chapter   = "4 - \emph{Bitcoin} - \emph{Mining}",
    publisher = "Packt Publishing",
    year      = "2017",
    edition   = "primer edición",
    month     = "3"
}
@INBOOK {MasteringBlockchainProofOfWork,
    author    = "Imran Bashir",
    title     = "Mastering Blockchain",
    chapter   = "4 - \emph{Bitcoin} - \emph{Proof of Work}",
    publisher = "Packt Publishing",
    year      = "2017",
    edition   = "primer edición",
    month     = "3"
}
@INBOOK {MasteringBlockchainMiningAlgorithm,
    author    = "Imran Bashir",
    title     = "Mastering Blockchain",
    chapter   = "4 - \emph{Bitcoin} - \emph{The mining algorithm}",
    publisher = "Packt Publishing",
    year      = "2017",
    edition   = "primer edición",
    month     = "3"
}
@INBOOK {MasteringBlockchainKeys,
    author    = "Imran Bashir",
    title     = "Mastering Blockchain",
    chapter   = "4 - \emph{Bitcoin} - \emph{Keys and addresses}",
    publisher = "Packt Publishing",
    year      = "2017",
    edition   = "primer edición",
    month     = "3"
}
@INBOOK {MasteringBlockchainWallets,
    author    = "Imran Bashir",
    title     = "Mastering Blockchain",
    chapter   = "4 - \emph{Bitcoin} - \emph{Wallets}",
    publisher = "Packt Publishing",
    year      = "2017",
    edition   = "primer edición",
    month     = "3"
}
@INBOOK {MasteringBlockchainTypeOfWallets,
    author    = "Imran Bashir",
    title     = "Mastering Blockchain",
    chapter   = "4 - \emph{Bitcoin} - \emph{Wallet types}",
    publisher = "Packt Publishing",
    year      = "2017",
    edition   = "primer edición",
    month     = "3"
}
@INBOOK {StallingsCryptography,
    author    = "Williams Stallings",
    title     = "Cryptography and Network Security",
    chapter   = "3 - \emph{Classical Encryption Techniques}",
    publisher = "Pearson",
    year      = "2017",
    edition   = "septima edición",
}
@INBOOK {StallingsPublicKeyPrinciples,
    author    = "Williams Stallings",
    title     = "Cryptography and Network Security",
    chapter   = "9.1 - \emph{Principles of Public-Key Cryptosystems}",
    publisher = "Pearson",
    year      = "2017",
    edition   = "septima edición",
}
@INBOOK {VanhouvtenBlockCiphers,
    author    = "Laurens Van Houtven",
    title     = "Crypto 101",
    chapter   = "6 - \emph{Block ciphers}",
    publisher = "Creative Commons",
    year      = "2013"
}
@INBOOK {VanhouvtenHashIntro,
    author    = "Laurens Van Houtven",
    title     = "Crypto 101",
    chapter   = "10.1 - \emph{Hash functions} - \emph{Description}",
    publisher = "Creative Commons",
    year      = "2013"
}
@ONLINE {MediumECC,
    author = "Grayblock",
    title  = "Elliptic-Curve Cryptography",
    month  = "6",
    year   = "2018",
    url    = "https://medium.com/coinmonks/elliptic-curve-cryptography-6de8fc748b8b"
}
@ONLINE {HackernoonECC,
    author = "Hackernoon - Short Tech Stories",
    title  = "Elliptic Curve Crypto, The Basics",
    month  = "6",
    year   = "2017",
    url    = "https://hackernoon.com/eliptic-curve-crypto-the-basics-e8eb1e934dc5"
}

@ONLINE {CorbelliniECC,
    author = "Andrea Corbellini",
    title  = "Elliptic Curve Cryptography: a gentle introduction",
    month  = "5",
    year   = "2015",
    url    = "http://andrea.corbellini.name/2015/05/17/elliptic-curve-cryptography-a-gentle-introduction/"
}
@ONLINE {OroYFinanzasSHA,
    author = "Alex Preukschat",
    title  = "¿Qué es y de qué sirve el algoritmo SHA-256 en el protocolo Bitcoin? – Secure Hash Algorithm (VII)",
    month  = "1",
    year   = "2014",
    url    = "https://www.oroyfinanzas.com/2014/01/algoritmo-sha-256-protocolo-bitcoin-secure-hash-algorithm/"
}
@ONLINE {WikipediaSHA,
    author = "Wikipedia",
    title  = "Secure Hash Algorithm",
    month  = "11",
    year   = "2018",
    url    = "https://es.wikipedia.org/wiki/Secure_Hash_Algorithm"
}
@ONLINE {OroYFinanzasRIPEMD160,
    author = "Alex Preukschat",
    title  = "¿Qué es y por qué se utiliza el algoritmo RIPEMD-160 en la creación de claves públicas Bitcoin? (VIII)",
    month  = "1",
    year   = "2014",
    url    = "https://www.oroyfinanzas.com/2014/01/ripemd-160-bitcoin/"
}
@ONLINE {WikipediaRIPEMD160,
    author = "Wikipedia",
    title  = "RIPEMD160",
    month  = "9",
    year   = "2015",
    url    = "https://es.wikipedia.org/wiki/RIPEMD-160"
}
@ONLINE {WikipediaEncoding,
    author = "Wikipedia",
    title  = "Binary-to-text encoding",
    month  = "12",
    year   = "2018",
    url    = "https://en.wikipedia.org/wiki/Binary-to-text_encoding"
}
@ONLINE {WikipediaBase58Check,
    author = "Wikipedia",
    title  = "Base58Check Encoding",
    month  = "11",
    year   = "2017",
    url    = "https://en.bitcoin.it/wiki/Base58Check_encoding"
}
